@string{CollegeMathJ = {The College Mathematics Journal}}

@string{SV = {Springer}}
@string{Birkhauser = {Birkh\"auser}}
@string{McGH = {McGraw-Hill}}
@string{WorldS = {World Scientific}}
@string{KAP = {Kluwer}}

@string{SVGL = { Die Grundlehren der mathematischen Wissenschaften}}
@string{MAAEE = { Mathematics and its Applications (East European Series)}} 
@string{Palermo = {Rendiconti del Circolo Matematico di Palermo}}
@string{UTX = {Universitext}}

@article{Wiener85,
author = {J. Wiener},
title = {Bernoulli's Inequality and the Number {$e$}},
journal = CollegeMathJ,
volume = 16,
number = 5,
year = 1985,
pages = {399--400},
}

@book{GiaquintaModicaApprox,
author = {M. Giaquinta and G. Modica},
title = {Mathematical Analysis:  Approximation and Discrete Processes},
year = 2004,
publisher = Birkhauser,
}

@book{RudinPrinciples,
author = {W. Rudin},
title = {Principles of Mathematical Analysis},
year = 1976,
publisher = McGH,
edition = {third},
}

@book{YehRealAnalysis,
author = {J. Yeh},
title = {Real Analysis: Theory of Measure and Integration},
publisher = WorldS,
edition = {second},
year = 2006,
}

@book{MitrinovicAI,
author = {D.S. Mitrinovi\'c and P.M. Vasi\'c},
title = {Analytic Inequalities},
year = 1970,
publisher = SV,
series = SVGL,
volume = 165,
}


@book{MitrinovicCNIA,
author = {D.S. Mitrinovi\'c and J.E. Pe\v{c}ari\'c and A.M. Fink},
title = {Classical and New Inequalities in Analysis},
series = MAAEE,
publisher = KAP,
volume = 61, 
year = 1993,
}


@article{MitrinovicP93,
author = {D.S. Mitrinovi\'c and P.M. Vasi\'c},
title = {Bernoulli's inequality},
journal = Palermo,
volume = 42,
number = 3,
pages = {317--337},
year = 1993,
doi = {https://doi.org/10.1007/BF02844624},
} 

@article{MondP94,
author = {B. Mond and J.E. Pe\v{c}ari\'c},
title = {Jensenâ€™s inequality for operator monotone functions},
journal = Palermo,
volume = 43,
number = 1,
pages = {16--24},
year = 1994,
doi = {https://doi.org/10.1007/BF02844814},
}


@book{Coleman-calculus,
author = {R. Coleman},
title = {Calculus on Normed Vector Spaces},
publisher = SV,
series = UTX, 
year = {2012},
}